@inproceedings{DMNS06,
  title={Calibrating noise to sensitivity in private data analysis},
  author={Dwork, Cynthia and McSherry, Frank and Nissim, Kobbi and Smith, Adam},
  booktitle={Theory of cryptography conference},
  pages={265--284},
  year={2006},
  organization={Springer}
}

@article{DR14,
  title={The algorithmic foundations of differential privacy},
  author={Dwork, Cynthia and Roth, Aaron and others},
  journal={Foundations and Trends{\textregistered} in Theoretical Computer Science},
  volume={9},
  number={3--4},
  pages={211--407},
  year={2014},
  publisher={Now Publishers, Inc.}
}

@article{balcer2017differential,
  title={Differential privacy on finite computers},
  author={Balcer, Victor and Vadhan, Salil},
  journal={arXiv preprint arXiv:1709.05396},
  year={2017}
}

@article{ghosh2012universally,
  title={Universally utility-maximizing privacy mechanisms},
  author={Ghosh, Arpita and Roughgarden, Tim and Sundararajan, Mukund},
  journal={SIAM Journal on Computing},
  volume={41},
  number={6},
  pages={1673--1693},
  year={2012},
  publisher={SIAM}
}





