@inproceedings{BW18,
  title={Improving the Gaussian Mechanism for Differential Privacy: Analytical Calibration and Optimal Denoising},
  author={Balle, Borja and Wang, Yu-Xiang},
  booktitle={International Conference on Machine Learning},
  pages={394--403},
  year={2018}
}
